<?xml version="1.0" encoding="UTF-8"?><collection xmlns="http://www.loc.gov/MARC21/slim"><record><leader>00372nam--2200133-i-4500</leader><controlfield tag="001">000035559</controlfield><controlfield tag="002">20161230</controlfield><controlfield tag="005">20161230201040</controlfield><controlfield tag="008">060222s1000------------r-----000-0-eng-d</controlfield><datafield ind1=" " ind2=" " tag="080"><subfield code="a">550.344.094.45</subfield></datafield><datafield ind1=" " ind2=" " tag="245"><subfield code="a">Seismic refraction prospecting</subfield></datafield><datafield ind1=" " ind2=" " tag="260"><subfield code="a">Tulsa, Oklahoma, Society Of Exploration Geophysicists, 1967, Xiv + 604p</subfield></datafield><datafield ind1=" " ind2=" " tag="700"><subfield code="a">Musgrave, Albert W</subfield></datafield><datafield ind1=" " ind2=" " tag="852"><subfield code="a">48683</subfield></datafield></record></collection>